@inproceedings{evaluation_of_irs,
	title={Testing intermediate representations for binary analysis},
	author={Kim, Soomin and Faerevaag, Markus and Jung, Minkyu and Jung, SeungIl and Oh, DongYeop and Lee, JongHyup and Cha, Sang Kil},
	booktitle={Proceedings of the 32nd IEEE/ACM International Conference on Automated Software Engineering},
	pages={353--364},
	year={2017},
	organization={IEEE Press}
}
