@phdthesis{reverse_compilation,
	title={Reverse Compilation Techniques},
	author={Cifuentes, Cristina},
	year={1994},
	school={Queensland University of Technology},
	note={[Online] Available: \url{https://yurichev.com/mirrors/DCC_decompilation_thesis.pdf}. [Accessed: 3 Sep 2019]},
}

@article{trusting_trust,
	title={Reflections on Trusting Trust},
	author={Thompson, Ken},
	journal={Communications of the ACM},
	volume={27},
	number={8},
	pages={761--763},
	year={1984},
	publisher={ACM},
	note={[Online] Available: \url{https://www.archive.ece.cmu.edu/~ganger/712.fall02/papers/p761-thompson.pdf}. [Accessed: 4 Sep 2019]},
}

@article{graph_based_ir,
	title={A simple graph-based intermediate representation},
	author={Click, Cliff and Paleczny, Michael},
	journal={ACM Sigplan Notices},
	volume={30},
	number={3},
	pages={35--49},
	year={1995},
	publisher={ACM},
	note={[Online] Available: \url{http://citeseerx.ist.psu.edu/viewdoc/download?doi=10.1.1.136.4679&rep=rep1&type=pdf}. [Accessed: 2 Sep 2019]},
}

@inproceedings{retargetable_binary_translator,
	title={The design of a resourceable and retargetable binary translator},
	author={Cifuentes, Cristina and Van Emmerik, Mike and Ramsey, Norman},
	booktitle={Sixth Working Conference on Reverse Engineering (Cat. No. PR00303)},
	pages={280--291},
	year={1999},
	organization={IEEE},
	note={[Online] Available: \url{https://www.researchgate.net/profile/Cristina_Cifuentes2/publication/232639236_The_Design_of_a_Resourceable_and_Retargetable_Binary_Translator/links/53d8cbb00cf2a19eee837b4c.pdf}. [Accessed: 2 Sep 2019]},
}

@inproceedings{dynamic_binary_translation,
	title={Machine-adaptable dynamic binary translation},
	author={Ung, David and Cifuentes, Cristina},
	booktitle={ACM SIGPLAN Notices},
	volume={35},
	number={7},
	pages={41--51},
	year={2000},
	organization={Citeseer},
	note={[Online] Available: \url{http://citeseerx.ist.psu.edu/viewdoc/download?doi=10.1.1.116.3981&rep=rep1&type=pdf}. [Accessed: 2 Sep 2019]},
}

@article{uqbt_binary_translator,
	title={The university of queensland binary translator (uqbt) framework},
	author={Cifuentes, Cristina and Van Emmerik, Mike and Ramsey, Norman and Lewis, Brian},
	journal={The University of Queensland, Sun Microsystems, Inc},
	year={2001},
	note={[Online] Available: \url{https://www.researchgate.net/profile/Brian_Lewis6/publication/239665973_The_university_of_queensland_binary_translator_uqbt_framework/links/00b7d534736fd6fbd6000000.pdf}. [Accessed: 2 Sep 2019]},
}

@article{retargetable_static_binary_translator,
	title={Experience in the design, implementation and use of a retargetable static binary translation framework},
	author={Cifuentes, Cristina and Van Emmerik, Mike and Ramsey, Norman and Lewis, Brian},
	year={2002},
	publisher={Sun Microsystems, Inc.},
	note={[Online] Available: \url{https://www.researchgate.net/profile/Brian_Lewis6/publication/37629459_Experience_in_the_Design_Implementation_and_Use_of_a_Retargetable_Static_Binary_Translation_Framewo/links/0c9605294e76c8c518000000/Experience-in-the-Design-Implementation-and-Use-of-a-Retargetable-Static-Binary-Translation-Framewo.pdf}. [Accessed: 2 Sep 2019]},
}

@book{ssa_for_decompilation,
	title={Static single assignment for decompilation},
	author={Van Emmerik, Michael James},
	year={2007},
	publisher={University of Queensland},
	note={[Online] Available: \url{http://www.backerstreet.com/decompiler/vanEmmerik_ssa.pdf}. [Accessed: 2 Sep 2019]},
}

@inproceedings{valgrind,
	title={Valgrind: a framework for heavyweight dynamic binary instrumentation},
	author={Nethercote, Nicholas and Seward, Julian},
	booktitle={ACM Sigplan notices},
	volume={42},
	number={6},
	pages={89--100},
	year={2007},
	organization={ACM},
	note={[Online] Available: \url{http://www1.cs.columbia.edu/~junfeng/08fa-e6998/sched/readings/valgrind.pdf}. [Accessed: 2 Sep 2019]},
}

@inproceedings{bitblaze,
	title={BitBlaze: A new approach to computer security via binary analysis},
	author={Song, Dawn and Brumley, David and Yin, Heng and Caballero, Juan and Jager, Ivan and Kang, Min Gyung and Liang, Zhenkai and Newsome, James and Poosankam, Pongsin and Saxena, Prateek},
	booktitle={International Conference on Information Systems Security},
	pages={1--25},
	year={2008},
	organization={Springer},
	note={[Online] Available: \url{http://citeseerx.ist.psu.edu/viewdoc/download?doi=10.1.1.153.3946&rep=rep1&type=pdf}. [Accessed: 2 Sep 2019]},
}

@article{architecture_independent_binary_analysis_and_transformation,
	title={Infrastructure for Architecture-Independent Binary Analysis and Transformation},
	author={Hasabnis, Niranjan},
	year={2011},
	note={[Online] Available: \url{https://www3.cs.stonybrook.edu/~nhasabni/Files/RPE.pdf}. [Accessed: 2 Sep 2019]},
}

@article{arm_analysis_using_llvm,
	title={Automated analysis of ARM binaries using the low-level virtual machine compiler framework},
	author={Scott, Jeffrey B},
	year={2011},
	note={[Online] Available: \url{https://scholar.afit.edu/cgi/viewcontent.cgi?article=2430&context=etd}. [Accessed: 2 Sep 2019]},
}

@inproceedings{bap,
	title={BAP: A binary analysis platform},
	author={Brumley, David and Jager, Ivan and Avgerinos, Thanassis and Schwartz, Edward J},
	booktitle={International Conference on Computer Aided Verification},
	pages={463--469},
	year={2011},
	organization={Springer},
	note={[Online] Available: \url{https://link.springer.com/content/pdf/10.1007/978-3-642-22110-1_37.pdf}. [Accessed: 2 Sep 2019]},
}

@inproceedings{revgen,
	title={Enabling sophisticated analyses of x86 binaries with RevGen},
	author={Chipounov, Vitaly and Candea, George},
	booktitle={2011 IEEE/IFIP 41st International Conference on Dependable Systems and Networks Workshops (DSN-W)},
	pages={211--216},
	year={2011},
	organization={IEEE},
	note={[Online] Available: \url{https://infoscience.epfl.ch/record/166081/files/revgen.pdf}. [Accessed: 2 Sep 2019]},
}

@book{wartell_rewriting_x86_binaries,
	title={Rewriting x86 binaries without code producer cooperation},
	author={Wartell, Richard and Hamlen, Kevin and Gupta, Gopal and Kantarcioglu, Murat and Lin, Zhiqiang},
	year={2012},
	publisher={University of Texas at Dallas},
	note={[Online] Available: \url{https://personal.utdallas.edu/~kxh060100/wartell12thesis.pdf}. [Accessed: 2 Sep 2019]},
}

@inproceedings{barf,
	title={BARF: A multiplatform open source Binary Analysis and Reverse engineering Framework},
	author={Heitman, Christian and Arce, Iv{\'a}n},
	booktitle={XX Congreso Argentino de Ciencias de la Computaci{\'o}n (Buenos Aires, 2014)},
	year={2014},
	note={[Online] Available: \url{http://sedici.unlp.edu.ar/bitstream/handle/10915/42157/Documento_completo.pdf?sequence=1}. [Accessed: 2 Sep 2019]},
}

@inproceedings{singled_graph_disassembly,
	title={Shingled graph disassembly: Finding the undecideable path},
	author={Wartell, Richard and Zhou, Yan and Hamlen, Kevin W and Kantarcioglu, Murat},
	booktitle={Pacific-Asia Conference on Knowledge Discovery and Data Mining},
	pages={273--285},
	year={2014},
	organization={Springer},
	note={[Online] Available: \url{https://personal.utdallas.edu/~kxh060100/wartell13techrep.pdf}. [Accessed: 2 Sep 2019]},
}

@article{dbill,
	title={DBILL: an efficient and retargetable dynamic binary instrumentation framework using llvm backend},
	author={Lyu, Yi-Hong and Hong, Ding-Yong and Wu, Tai-Yi and Wu, Jan-Jan and Hsu, Wei-Chung and Liu, Pangfeng and Yew, Pen-Chung},
	journal={Acm Sigplan Notices},
	volume={49},
	number={7},
	pages={141--152},
	year={2014},
	publisher={ACM},
	note={[Online] Available: \url{https://www.researchgate.net/profile/Jan_Jan_Wu/publication/262175489_DBILL_An_Efficient_and_Retargetable_Dynamic_Binary_Instrumentation_Framework_using_LLVM_Backend/links/54b39cdd0cf2318f0f954f03/DBILL-An-Efficient-and-Retargetable-Dynamic-Binary-Instrumentation-Framework-using-LLVM-Backend.pdf}. [Accessed: 2 Sep 2019]},
}

@article{instruction_idiom_detection,
	title={A new approach to instruction-idioms detection in a retargetable decompiler.},
	author={Kroustek, Jakub and Pokorn{\`y}, Fridol{\'\i}n and Kol{\'a}r, Dusan},
	journal={Comput. Sci. Inf. Syst.},
	volume={11},
	number={4},
	pages={1337--1359},
	year={2014},
	note={[Online] Available: \url{http://www.doiserbia.nb.rs/img/doi/1820-0214/2014/1820-02141400076K.pdf}. [Accessed: 2 Sep 2019]},
}

@inproceedings{graph_based_higher_order_ir,
	title={A graph-based higher-order intermediate representation},
	author={Lei{\ss}a, Roland and K{\"o}ster, Marcel and Hack, Sebastian},
	booktitle={Proceedings of the 13th Annual IEEE/ACM International Symposium on Code Generation and Optimization},
	pages={202--212},
	year={2015},
	organization={IEEE Computer Society},
	note={[Online] Available: \url{http://compilers.cs.uni-saarland.de/papers/lkh15_cgo.pdf}. [Accessed: 2 Sep 2019]},
}

@inproceedings{reconstruction_of_instruction_idioms,
	title={Reconstruction of instruction idioms in a retargetable decompiler},
	author={K{\v{r}}oustek, Jakub and Pokorn{\`y}, Fridol{\'\i}n},
	booktitle={2013 Federated Conference on Computer Science and Information Systems},
	pages={1519--1526},
	year={2013},
	organization={IEEE},
	note={[Online] Available: \url{https://annals-csis.org/Volume_1/pliks/153.pdf}. [Accessed: 2 Sep 2019]},
}

@inproceedings{extracting_instruction_semantics_via_symbolic_exectuion_of_code_generators,
	title={Extracting instruction semantics via symbolic execution of code generators},
	author={Hasabnis, Niranjan and Sekar, R},
	booktitle={Proceedings of the 2016 24th ACM SIGSOFT International Symposium on Foundations of Software Engineering},
	pages={301--313},
	year={2016},
	organization={ACM},
	note={[Online] Available: \url{https://dl.acm.org/citation.cfm?id=2950335}. [Accessed: 2 Sep 2019]},
}


@article{software_transformation,
	title={Software Transformation: Applications, Tools, Challenges, and Program Representation},
	author={Schulte, Eric and McDougall, Michael and Melski, Dave},
	year={2016},
	note={[Online] Available: \url{https://www.cs.unm.edu/~eschulte/data/feast-2016-software-transformation.pdf}. [Accessed: 2 Sep 2019]},
}

@inproceedings{state_of_the_art_of_war,
	title={Sok:(state of) the art of war: Offensive techniques in binary analysis},
	author={Shoshitaishvili, Yan and Wang, Ruoyu and Salls, Christopher and Stephens, Nick and Polino, Mario and Dutcher, Andrew and Grosen, John and Feng, Siji and Hauser, Christophe and Kruegel, Christopher and others},
	booktitle={2016 IEEE Symposium on Security and Privacy (SP)},
	pages={138--157},
	year={2016},
	organization={IEEE},
	note={[Online] Available: \url{https://oaklandsok.github.io/papers/shoshitaishvili2016.pdf}. [Accessed: 2 Sep 2019]},
}

@phdthesis{function_recovery,
	title={Accurate Recovery of Functions in COTS Binaries},
	author={Qiao, Rui},
	year={2017},
	school={The Graduate School, Stony Brook University: Stony Brook, NY.},
	note={[Online] Available: \url{https://ir.stonybrook.edu/xmlui/bitstream/handle/11401/77248/Qiao_grad.sunysb_0771E_13374.pdf?sequence=1;Accurate}. [Accessed: 2 Sep 2019]},
}

@inproceedings{bin2llvm,
	title={Bin2llvm: Analysis of binary programs using llvm intermediate representation},
	author={Kirchner, Kevin and Rosenthaler, Stefan},
	booktitle={Proceedings of the 12th International Conference on Availability, Reliability and Security},
	pages={45},
	year={2017},
	organization={ACM},
}

@inproceedings{sound_transpilation_from_binary_to_ir,
	title={Sound transpilation from binary to machine-independent code},
	author={Metere, Roberto and Lindner, Andreas and Guanciale, Roberto},
	booktitle={Brazilian Symposium on Formal Methods},
	pages={197--214},
	year={2017},
	organization={Springer},
	note={[Online] Available: \url{https://arxiv.org/pdf/1807.10664.pdf}. [Accessed: 2 Sep 2019]},
}

@article{cast_study_llvm_suitable_for_binary_analysis,
	title={Case Study on LLVM as suitable intermediate language for binary analysis},
	author={Markl, Florian},
	journal={ret},
	volume={32},
	pages={0},
	year={2017},
	note={[Online] Available: \url{https://pdfs.semanticscholar.org/98d6/562991b6132d85e50453613aff88577c9734.pdf}. [Accessed: 2 Sep 2019]},
}

@inproceedings{revng,
	title={rev.ng: a unified binary analysis framework to recover CFGs and function boundaries},
	author={Di Federico, Alessandro and Payer, Mathias and Agosta, Giovanni},
	booktitle={Proceedings of the 26th International Conference on Compiler Construction},
	pages={131--141},
	year={2017},
	organization={ACM},
	note={[Online] Available: \url{https://www.rev.ng/downloads/cc-2017-paper.pdf}. [Accessed: 2 Sep 2019]},
}

@inproceedings{evaluation_of_irs,
	title={Testing intermediate representations for binary analysis},
	author={Kim, Soomin and Faerevaag, Markus and Jung, Minkyu and Jung, SeungIl and Oh, DongYeop and Lee, JongHyup and Cha, Sang Kil},
	booktitle={Proceedings of the 32nd IEEE/ACM International Conference on Automated Software Engineering},
	pages={353--364},
	year={2017},
	organization={IEEE Press},
}

@inproceedings{binrec,
	title={BinRec: attack surface reduction through dynamic binary recovery},
	author={Kroes, Taddeus and Altinay, Anil and Nash, Joseph and Na, Yeoul and Volckaert, Stijn and Bos, Herbert and Franz, Michael and Giuffrida, Cristiano},
	booktitle={Proceedings of the 2018 Workshop on Forming an Ecosystem Around Software Transformation},
	pages={8--13},
	year={2018},
	organization={ACM},
	note={[Online] Available: \url{https://research.vu.nl/ws/portalfiles/portal/75429013/BinRec_Atack_surface_reduction_through_dynamic_binary_recovery.pdf}. [Accessed: 2 Sep 2019]},
}

@inproceedings{lifter_synthesis,
	title={Cross-architecture lifter synthesis},
	author={van Tonder, Rijnard and Le Goues, Claire},
	booktitle={International Conference on Software Engineering and Formal Methods},
	pages={155--170},
	year={2018},
	organization={Springer},
	note={[Online] Available: \url{https://par.nsf.gov/servlets/purl/10082069}. [Accessed: 2 Sep 2019]},
}

@inproceedings{superset_disassembly,
	title={Superset Disassembly: Statically Rewriting x86 Binaries Without Heuristics.},
	author={Bauman, Erick and Lin, Zhiqiang and Hamlen, Kevin W},
	booktitle={NDSS},
	year={2018},
	note={[Online] Available: \url{https://personal.utdallas.edu/~hamlen/bauman18ndss.pdf}. [Accessed: 2 Sep 2019]},
}

@inproceedings{b2r2,
	title={B2R2: Building an Efficient Front-End for Binary Analysis},
	author={Jung, Minkyu and Kim, Soomin and Han, HyungSeok and Choi, Jaeseung and Cha, Sang Kil},
	booktitle={The NDSS Workshop on Binary Analysis Research},
	year={2019},
	organization={Internet Society},
	note={[Online] Available: \url{https://softsec.kaist.ac.kr/~jschoi/data/ndssbar2019.pdf}. [Accessed: 2 Sep 2019]},
}

@article{llvm_ir_lifter_using_mcsema_and_dyninst,
	title={Decompiling Binaries into LLVM IR Using McSema and Dyninst},
	author={Lukáš Korenčik},
	note={[Online] Available: \url{https://is.muni.cz/th/pxe1j/thesis.pdf?lang=en}. [Accessed: 2 Sep 2019]},
}

@article{gtirb,
	title={GTIRB: Intermediate Representation for Binaries},
	author={Schulte, Eric and Dorn, Jonathan and Flores-Montoya, Antonio and Ballman, Aaron and Johnson, Tom},
	journal={arXiv preprint arXiv:1907.02859},
	year={2019},
	note={[Online] Available: \url{https://arxiv.org/pdf/1907.02859.pdf}. [Accessed: 2 Sep 2019]},
}

@inproceedings{case_for_bap_and_angr,
	title={Using Binary Analysis Frameworks: The Case for BAP and angr},
	author={Casinghino, Chris and Paasch, JT and Roux, Cody and Altidor, John and Dixon, Michael and Jamner, Dustin},
	booktitle={NASA Formal Methods Symposium},
	pages={123--129},
	year={2019},
	organization={Springer},
	note={[Online] Available: \url{http://tyconmismatch.com/papers/nfm2019_bap_angr.pdf}. [Accessed: 2 Sep 2019]},
}

@phdthesis{retrowrite,
	title={RetroWrite: Statically Instrumenting COTS Binaries for Fuzzing and Sanitization},
	author={Dinesh, Sushant},
	year={2019},
	school={Purdue University Graduate School},
	note={[Online] Available: \url{https://hammer.figshare.com/articles/Retrowrite_Statically_Instrumenting_COTS_Binaries_for_Fuzzing_and_Sanitization/8049752/files/15004610.pdf}. [Accessed: 2 Sep 2019]},
}

@misc{compositional_decompilation,
	author={Eklind, Robin},
	institution={Uppsala University, Department of Information Technology},
	pages={112},
	school={Uppsala University, Department of Information Technology},
	title={Compositional Decompilation using LLVM IR},
	year={2015},
	note={[Online] Available: \url{http://uu.diva-portal.org/smash/get/diva2:911797/FULLTEXT01.pdf}. [Accessed: 2 Sep 2019]},
}

@inproceedings{refining_indirect_call_targets,
	title={Where Does It Go?: Refining Indirect-Call Targets with Multi-Layer Type Analysis},
	author={Lu, Kangjie and Hu, Hong},
	booktitle={Proceedings of the 2019 ACM SIGSAC Conference on Computer and Communications Security},
	pages={1867--1881},
	year={2019},
	organization={ACM}
}

@article{type_inference_on_executables,
	title={Type inference on executables},
	author={Caballero, Juan and Lin, Zhiqiang},
	journal={ACM Computing Surveys (CSUR)},
	volume={48},
	number={4},
	pages={65},
	year={2016},
	publisher={ACM}
}
